@book{hutter2013continuum,
	title={Continuum Methods of Physical Modeling: Continuum Mechanics, Dimensional Analysis, Turbulence},
	author={Hutter, Kolumban and J{\"o}hnk, Klaus},
	year={2013},
	publisher={Springer Science \& Business Media}
}

@article{amjadi2020tensile,
	title={Tensile behavior of high-density polyethylene including the effects of processing technique, thickness, temperature, and strain rate},
	author={Amjadi, Mohammad and Fatemi, Ali},
	journal={{Polymers}},
	volume={12},
	number={9},
	pages={1857},
	year={2020},
	publisher={Multidisciplinary Digital Publishing Institute}
}